%   ****************************************
%   * File: SAMPLE.BIB                     *
%   ****************************************
%   * An invented bib file                 *
%   * For the sample texts                 *
%   * The order is unimportant and there   *
%   * may be more entries than references  *
%   * in the text                          *
%   ****************************************
% 
@ARTICLE{dhillon07,
	AUTHOR = {Dhillon, V. S., Marsh, T.R. et al},
	TITLE = {ULTRACAM: an ultrafast, triple-beam CCD camera for high speed astrophysics},
	YEAR = {2007},
	JOURNAL = {MNRAS},
	VOLUME = {378}
}

