%   ****************************************
%   * File: SAMPLE.BIB                     *
%   ****************************************
%   * An invented bib file                 *
%   * For the sample texts                 *
%   * The order is unimportant and there   *
%   * may be more entries than references  *
%   * in the text                          *
%   ****************************************
% 
@ARTICLE{dhillon07,
	AUTHOR = {Dhillon, V. S. and Marsh, T.R. et al},
	TITLE = {{ULTRACAM}: an ultrafast, triple-beam {CCD} camera for high speed astrophysics},
	YEAR = {2007},
	JOURNAL = {MNRAS},
	VOLUME = {378}
}

@BOOK{WarnerBook,
   author = {{Warner}, B.},
    title = "{Cataclysmic Variable Stars}",
booktitle = {Cataclysmic Variable Stars, by Brian Warner, pp.~592.~ISBN 052154209X.~Cambridge, UK: Cambridge University Press, September 2003.},
     year = 2003,
    month = sep,
   adsurl = {http://adsabs.harvard.edu/abs/2003cvs..book.....W},
  adsnote = {Provided by the SAO/NASA Astrophysics Data System},
 publisher = {Cambridge University Press}
}

@ARTICLE{Lucy68,
   author = {{Lucy}, L.~B.},
    title = "{The Structure of Contact Binaries}",
  journal = {Astrophysical Journal},
     year = 1968,
    month = mar,
   volume = 151,
    pages = {1123},
      doi = {10.1086/149510},
   adsurl = {http://adsabs.harvard.edu/abs/1968ApJ...151.1123L},
  adsnote = {Provided by the SAO/NASA Astrophysics Data System}
}


@ARTICLE{kron,
	AUTHOR = {Kron, R. G.},
	YEAR = {1980},
	JOURNAL = {Astrophysical Journal Supplement Series},
	VOLUME = {43},
	PAGES = {305}
}

@ARTICLE{Chang2014,
	AUTHOR = {Chan-Kao Chang and Adam Waszczak and Hsing-Wen Lin and Wing-Huen Ip and Thomas. A. Prince and Shrinivas R. Kulkarni and Russ Laher and Jason Surace},
	TITLE = {A New Large Super-Fast Rotator: (335433) {2005 UW163}},
	YEAR = {2014},
	JOURNAL = {Astrophysical Journal},
	VOLUME = {391},
	PAGES = {L35}
}


@ARTICLE{Holsapple2007,
	AUTHOR = {Holsapple, K A},
	TITLE = {Spin limits of Solar System bodies: From the small fast-rotators to 2003 EL61},
	YEAR = {2007},
	JOURNAL = {Icarus},
	VOLUME = {187},
	PAGES = {500}
	}

@ARTICLE{Jewitt2013,
	AUTHOR = {David Jewitt and Masateru Ishiguro and Jessica Agarwal},
	TITLE = {Large particles in active asteroid {P/2010 A2}},
	YEAR = {2013},
	JOURNAL = {Astrophysical Journal},
	VOLUME = {764},
	PAGES = {L5}
	}


@ARTICLE{Dermawan2011,
	AUTHOR = {B. Dermawan and T. Nakamura and F. Yoshida},
	TITLE = {Subaru Lightcurve Observations of Sub-km-Sized Main-Belt Asteroids},
	YEAR = {2011},
	JOURNAL = {Publ. Astron. Soc. Japan},
	VOLUME = {63},
	PAGES = {555-576}
	}


@ARTICLE{Masiero2009,
	AUTHOR = {Joseph Masiero and Robert Jedicke and Josef \v{D}urech and Stephen Gwyn and Larry Denneau and Jeff Larsen},
	TITLE = {The Thousand Asteroid Light Curve Survey},
	YEAR = {2009},
	JOURNAL = {Icarus},
	VOLUME = {204},
	PAGES = {145}
	}


@ARTICLE{temphold,
	AUTHOR = {William J. Borucki},
	TITLE = {Characteristics of {Kepler} planetary candidates based on the first data set.},
	YEAR = {2011},
	JOURNAL = {The Astrophysical Journal},
	VOLUME = {728},
	PAGES = {117}
	}


@ARTICLE{KIC5115978,
   author = {{Borucki}, W.~J. and {Koch}, D.~G. and {Basri}, G. and {Batalha}, N. and 
	{Boss}, A. and {Brown}, T.~M. and {Caldwell}, D. and {Christensen-Dalsgaard}, J. and 
	{Cochran}, W.~D. and {DeVore}, E. and {Dunham}, E.~W. and {Dupree}, A.~K. and 
	{Gautier}, III, T.~N. and {Geary}, J.~C. and {Gilliland}, R. and 
	{Gould}, A. and {Howell}, S.~B. and {Jenkins}, J.~M. and {Kjeldsen}, H. and 
	{Latham}, D.~W. and {Lissauer}, J.~J. and {Marcy}, G.~W. and 
	{Monet}, D.~G. and {Sasselov}, D. and {Tarter}, J. and {Charbonneau}, D. and 
	{Doyle}, L. and {Ford}, E.~B. and {Fortney}, J. and {Holman}, M.~J. and 
	{Seager}, S. and {Steffen}, J.~H. and {Welsh}, W.~F. and {Allen}, C. and 
	{Bryson}, S.~T. and {Buchhave}, L. and {Chandrasekaran}, H. and 
	{Christiansen}, J.~L. and {Ciardi}, D. and {Clarke}, B.~D. and 
	{Dotson}, J.~L. and {Endl}, M. and {Fischer}, D. and {Fressin}, F. and 
	{Haas}, M. and {Horch}, E. and {Howard}, A. and {Isaacson}, H. and 
	{Kolodziejczak}, J. and {Li}, J. and {MacQueen}, P. and {Meibom}, S. and 
	{Prsa}, A. and {Quintana}, E.~V. and {Rowe}, J. and {Sherry}, W. and 
	{Tenenbaum}, P. and {Torres}, G. and {Twicken}, J.~D. and {Van Cleve}, J. and 
	{Walkowicz}, L. and {Wu}, H.},
    title = "{Characteristics of Kepler Planetary Candidates Based on the First Data Set}",
  journal = {Astrophysical Journal},
 keywords = {planets and satellites: detection, surveys},
     year = 2011,
    month = feb,
   volume = 728,
      eid = {117},
    pages = {117},
      doi = {10.1088/0004-637X/728/2/117},
   adsurl = {http://adsabs.harvard.edu/abs/2011ApJ...728..117B},
  adsnote = {Provided by the SAO/NASA Astrophysics Data System}
}

@ARTICLE{Jacobson2014,
	AUTHOR = {Seth A. Jacobson and Francesco Marzari and Alessandro Rossi and Daniel J. Scheeres and Donald R. Davis},
	TITLE = {Effect of rotational disruption on the size-frequency distribution of the Main Belt asteroid population},
	YEAR = {2014},
	JOURNAL = {Monthly Notices of the Royal Astronomical Society: Letters},
	VOLUME = {439},
	PAGES = {L94}
	}

@ARTICLE{binaryfraction,
	AUTHOR = {Eggleton, P. P. and 	Tokovinin, A. A.},
	TITLE = {A catalogue of multiplicity among bright stellar systems},
	YEAR = {2008},
	JOURNAL = {Monthly Notices of the Royal Astronomical Society},
	VOLUME = {389},
	PAGES = {869-879}
	}
	

@ARTICLE{bertin,
	AUTHOR = {Bertin, E. and {Arnouts}, S.},
	TITLE = {{SExtractor}: Software for source extraction},
	YEAR = {2006},
	JOURNAL = { Astronomy \& Astrophysics Supplement },
	VOLUME = {317},
	PAGES = {393}
}


@ARTICLE{yorpeffect,
   author = {{Bottke}, Jr., W.~F. and {Vokrouhlick{\'y}}, D. and {Rubincam}, D.~P. and 
	{Nesvorn{\'y}}, D.},
    title = "{The Yarkovsky and Yorp Effects: Implications for Asteroid Dynamics}",
  journal = {Annual Review of Earth and Planetary Sciences},
     year = 2006,
    month = may,
   volume = 34,
    pages = {157-191},
      doi = {10.1146/annurev.earth.34.031405.125154},
   adsurl = {http://adsabs.harvard.edu/abs/2006AREPS..34..157B},
  adsnote = {Provided by the SAO/NASA Astrophysics Data System}
}

	

@ARTICLE{neosmalltelescope,
	AUTHOR = {Ovidiu Vaduvescu},
	TITLE = {OBSERVING NEAR EARTH ASTEROIDS WITH A SMALL TELESCOPE},
	YEAR = {2005},
	JOURNAL = {Romanian Astronomical Journal}
}

@INCOLLECTION{asteroseismology,
	AUTHOR = {Handler, Gerald},
	TITLE = {Asteroseismology},
	YEAR = {2013},
	BOOKTITLE = {Planets, Stars and Stellar Systems, Volume 4: Stellar Structure and Evolution},
	CHAPTER = {4},
	EDITOR = {Oswalt, T., D. and Barstow, M. A.},
	PUBLISHER = {Springer Science},
	PAGES = {208-239}
}

@INCOLLECTION{stellaractivity,
	AUTHOR = {Paganano, Isabella},
	TITLE = {Stellar Activity},
	YEAR = {2013},
	BOOKTITLE = {Planets, Stars and Stellar Systems, Volume 4: Stellar Structure and Evolution},
	CHAPTER = {10},
	EDITOR = {Oswalt, T., D. and Barstow, M. A.},
	PUBLISHER = {Springer Science},
	PAGES = {588-547}
}

@CONFERENCE{scamp,
	AUTHOR = {Bertin, E.},
	TITLE = {Automatic Astrometric and Photometric Calibration with {SCAMP}},
	YEAR = {2006},
	BOOKTITLE = {ASP Conference Series, Vol. 351, 2006, C. Gabriel, C. Arviset, D. Ponz, and E. Solano, eds},
	PAGES = {112}
}

@MISC{astrometry, 
	AUTHOR = {Hogg, D. W. and Lang, D.},
	TITLE = {Astrometry.net},
	HOWPUBLISHED = {http://www.astrometry.net },
	YEAR = {2012}
}

@MISC{neowebsite, 
	TITLE = {{IAU Minor Planet Center, NEOChecker} tool},
	HOWPUBLISHED = {http://scully.cfa.harvard.edu/cgi-bin/checkneo.cgi},
	YEAR = {2014}
}


@MISC{sippolynomial,
	AUTHOR = {David L. Shupe and Richard N. Hook},
	TITLE = {The {SIP} Convention for Representing Distortion in FITS ImageHeaders},
	YEAR = {2008},
	URL = { http://fits.gsfc.nasa.gov/registry/sip/SIP_distortion_v1_0.pdf }
	}

